
@article{biondini2023two,
  title={Two-dimensional reductions of the Whitham modulation system for the Kadomtsev-Petviashvili equation},
  author={Biondini, Gino and Bivolcic, Alexander J and Hoefer, Mark A and Moro, Antonio},
  journal={arXiv preprint arXiv:2303.06436},
  year={2023}
} 

@article{ablowitz2017whitham,
  title={Whitham modulation theory for the Kadomtsev--Petviashvili equation},
  author={Ablowitz, Mark J and Biondini, Gino and Wang, Qiao},
  journal={Proceedings of the Royal Society A: Mathematical, Physical and Engineering Sciences},
  volume={473},
  number={2204},
  pages={20160695},
  year={2017},
  publisher={The Royal Society Publishing}
}

@inproceedings{kp1970,
  title={On the stability of solitary waves in weakly dispersing media},
  author={Kadomtsev, Boris Borisovich and Petviashvili, Vladimir Iosifovich},
  booktitle={Doklady Akademii Nauk},
  volume={192},
  number={4},
  pages={753--756},
  year={1970},
  organization={Russian Academy of Sciences}
}